@Manual[Xprotocol,
	Author="Robert W. Scheifler",
	Key="Scheifler",
	Title="X Window System Protocol",
	Organization="Massachusetts Institute of Technology",
	Year="1987"
	]

@Manual[Xlib,
	Author="Jim Gettys, Ron Newman, Robert W. Scheifler",
	Key="Gettys",
	Title="Xlib - C Language Interface",
	Organization="Massachusetts Institute of Technology",
	Year="1987"
	]

@Manual[Xtoolkit,
	Author="Joel McCormack",
	Key="McCormack",
	Title="X Toolkit Library - C Language Interface",
	Organization="Massachusetts Institute of Technology",
	Year="1987"
	]

@Article(Xhello,
	Author="David S. H. Rosenthal",
	Key="Rosenthal",
	Title="A Simple X.11 Client Program, or, How hard can it really be to write `Hello, World'?",
	Journal="??",
	Volume="??",
	Number="??",
	Pages="??",
	Month="??",
	Year="??",
	Note="Not yet published")

